%%  A central bibliography

@misc{beam20,
	title = {Fast bayesian inference in large graphical models},
	author = {G. G. R. Leday and I. Speranza and H. Gray},
	note = {\textsf{R} package version 2.0.2},
	year = {2020},
	url = {https://cran.r-project.org/web/packages/beam/beam.pdf},
}

@article{benko09,
	author = {M. Benko and W. H\"{a}rdle and A. Kneip},
	title = {Common functional principal components},
	journal = {The Annals of Statistics},
	pages = {1--34},
	volume = {37},
	year = {2009}
}

@inproceedings{bishop99,
	author = {C. M. Bishop},
	title = {Variational Pincipal Components},
	booktitle = {Proceedings of the Ninth International Conference on Artificial Neural Networks},
	publisher = {Institute of Electrical and Electronics Engineers},
	year = {1999}
}

@book{bishop06,
	author = {C. M. Bishop},
	title = {{Pattern Recognition and Machine Learning}},
	publisher = {Springer},
	year = {2006},
	address = {New York}
}

@article{bergamaschi21,
	author={
		L. Bergamaschi and F. Mescia and L. Turner and A. L. Hanson and P. Kotagiri and B. J. Dunmore and
		H. Ruffieux and A. De Sa and O. Huhn and M. D. Morgan and others
	},
	title={
		Longitudinal analysis reveals that delayed bystander {CD8+ T} cell activation and early immune pathology
		distinguish severe {COVID-19} from mild disease]
	},
	journal={Immunity},
	pages={1257--1275},
	volume={54},
	year={2021}
}

@article{blei17,
	author = {D. M. Blei and A. Kucukelbir and J. D. McAuliffe},
	title = {Variational inference: {A} review for statisticians},
	journal = {Journal of the {American} Statistical Association},
	pages = {859--877},
	volume = {112},
	year = {2017}
}

@article{bura08,
	author = {E. Bura and R. Pfeiffer},
	title = {On the distribution of the left singular vectors of a random matrix and its applications},
	journal = {Statistics and Probability Letters},
	pages = {2275?2280},
	volume = {78},
	year = {2008}
}

@article{di09,
	author = {C. Z. Di and C. M. Crainiceanu and B. S. Caffo and N. M. Punjabi},
	title = {Multilevel functional principal component analysis},
	journal = {The Annals of Applied Statistics},
	pages = {458--488},
	volume = {3},
	year = {2009}
}

@article{durban05,
	author = {M. Durb\'{a}n and J. Harezlak and M. P. Wand and R. J. Carroll},
	title = {Simple fitting of subject specific curves for longitudinal data},
	journal = {Statistics in Medicine},
	pages = {1153--1167},
	volume = {24},
	year = {2005}
}

@article{faes11,
	author = {C. Faes and J. T. Ormerod and M. P. Wand},
	title = {Variational {Bayesian} inference for parametric and nonparametric regression with missing data},
	journal = {Journal of the American Statistical Association},
	pages = {959--971},
	volume = {106},
	year = {2011}
}

@article{gelman06,
	author = {A. Gelman},
	title = {
		Prior distributions for variance parameters in hierarchical models
		(comment on article by {B}rowne and {D}raper)
	},
	journal = {Bayesian Analysis},
	pages = {515--534},
	volume = {1},
	year = {2006}
}

@book{gentle07,
	author = {J. E. Gentle},
	title = {{Matrix Algebra}},
	publisher = {Springer},
	year = {2007},
	address = {New York}
}

@article{giraldo10,
	author = {R. Giraldo and P. Delicado and J. Mateu},
	title = {Continuous time-varying kriging for spatial prediction of functional data: {An} environmental application},
	journal = {Journal of agricultural, biological, and environmental statistics},
	pages = {66--82},
	volume = {15},
	year = {2010}
}

@article{goldsmith13,
	author = {J. Goldsmith and S. Greven and C. Crainiceanu},
	title = {Corrected confidence bands for functional data using principal components},
	journal = {Biometrics},
	pages = {41--51},
	volume = {69},
	year = {2013}
}

@article{goldsmith15,
	author = {J. Goldsmith and V. Zippunnikov and J. Schrack},
	title = {Generalized multilevel function-on-scalar regression and principal component analysis},
	journal = {Biometrics},
	pages = {344--353},
	volume = {71},
	year = {2015}
}

@article{greene16,
	author = {D. Greene and {NIHR BioResource} and S. Richardson and E. Turro},
	title = {Phenotype similarity regression for identifying the genetic determinants of rare diseases},
	journal = {The American Journal of Human Genetics},
	pages = {490--499},
	volume = {98},
	year = {2016}
}

@article{greven11,
	author = {S. Greven and C. Crainiceanu and B. Caffo and D. Reich},
	title = {Longitudinal functional principal component analysis},
	journal = {Recent Advances in Functional Data Analysis and Related Topics},
	pages = {149--154},
	year = {2011}
}

@article{happ18,
	author = {C. Happ and S. Greven},
	title = {Multivariate functional principal component analysis for data observed on different (dimensional) domains},
	journal = {Journal of the American Statistical Association},
	pages = {649--659},
	volume = {113},
	year = {2018}
}

@book{harezlak18,
	author = {J. Harezlak and D. Ruppert and M. P. Wand},
	title = {Semiparametric regression with {R}},
	publisher = {Springer},
	year = {2018},
	address = {New York}
}

@article{holubowski15,
	author = {W. Holubowski and D. Kurzyk and T. Trawinski},
	title = {A fast method for computing the inverse of symmetric block arrowhead matrices},
	journal = {Applied Mathematics and Information Sciences},
	pages = {319--324},
	volume = {9},
	year = {2015}
}

@article{hughes21,
	author = {D. M. Hughes and M. Garc\'{i}a-Fi\~{n}ana and M. P. Wand},
	title = {Fast approximate inference for multivariate longitudinal data},
	journal = {Biostatistics},
	pages = {1--16},
	volume = {00},
	year = {2021}
}

@article{jaakkola00,
	author = {T. S. Jaakkola and M. I. Jordan},
	title = {Bayesian parameter estimation via variational methods},
	journal = {Statistics and Computing},
	pages = {25--37},
	volume = {10},
	year = {2000}
}

@article{james00,
	author = {G. M. James and T. J. Hastie and C. A. Sugar},
	title = {Principal component models for sparse functional data},
	journal = {Biometrika},
	pages = {587--602},
	volume = {87},
	year = {2000}
}

@article{johnstone09,
	author = {I. M. Johnstone and A. Y. Lu},
	title = {On consistency and sparsity for principal components analysis in high dimensions},
	journal = {Journal of the {American} Statistical Association},
	pages = {682--693},
	volume = {104},
	year = {2009}
}

@inproceedings{jolliffe86,
	author = {I. T. Jolliffe},
	title = {Principal components in regression analysis},
	booktitle = {Principal component analysis},
	year = {1986},
	pages = {129--155}
}

@inproceedings{knowles11,
	author = {D. A. Knowles and T. Minka},
	title = {Non-conjugate variational message passing for multinomial and binary regression},
	booktitle = {Advances in Neural Information Processing Systems},
	year = {2011},
	pages = {1701--1709}
}

@article{lee16,
	author = {C. Y. Y. Lee and M. P. Wand},
	title = {Streamlined mean field variational {Bayes} for longitudinal and multilevel data analysis.},
	journal = {Biometrical Journal},
	pages = {868--895},
	volume = {58},
	year = {2016}
}

@book{little02,
	author = {R. J. A. Little and D. B. Rubin},
	title = {Statistical analysis with missing data},
	publisher = {John Wiley \& Sons},
	year = {2002},
	address = {New Jersey}
}

@article{luts15,
	author = {J. Luts and M. P. Wand},
	title = {Variational inference for count response semiparametric regression.},
	journal = {Bayesian Analysis},
	pages = {991--1023},
	volume = {10},
	year = {2015}
}

@article{maestrini18,
	author = {L. Maestrini and M. P. Wand},
	title = {Variational message passing for skew $t$ regression},
	journal = {Stat},
	pages = {e196},
	volume = {7},
	year = {2018}
}

@article{maestrini20,
	author = {L. Maestrini and M. P. Wand},
	title = {The {Inverse G-Wishart} distribution and variational message passing},
	journal = {arXiv e-prints},
	year = {2020},
	eid = {arXiv:2005.09876},
	pages = {arXiv:2005.09876},
	archivePrefix = {arXiv},
	eprint = {2005.09876},
	primaryClass = {stat.ML},
	adsurl = {https://ui.adsabs.harvard.edu/abs/2020arXiv200509876M}
}

@inproceedings{marlin11,
	author = {B. M. Marlin and M. E. Khan and K. P. Murphy},
	title = {Piecewise bounds for estimating {Bernoulli-Logistic} latent {Gaussian} models},
	booktitle = {International Conference on Machine Learning},
	year = {2011}
}

@article{marx05,
	author = {B. D. Marx and P. H. C. Eilers},
	title = {Multidimensional penalized signal regression},
	journal = {Technometrics},
	pages = {13--22},
	volume = {47},
	year = {2005}
}

@incollection{marzouk17,
	author = {Y. Marzouk and T. Moselhy and M. Parno and A. Spantini},
	title = {Sampling via measure transport: an introduction},
	booktitle = {{Handbook of Uncertainty Quantification}},
	year = {2017},
	pages = {786--825}
}

@article{mclean19,
	author = {M. W. {McLean} and M. P. Wand},
	title = {Variational message passing for elaborate response regression models},
	journal = {Bayesian Analysis},
	pages = {371--398},
	volume = {14},
	year = {2019}
}

@book{mclachlan97,
	author = {G. J. McLachlan and T. Krishnan},
	title = {{The EM Algorithm and Extensions}},
	publisher = {Wiley-Interscience},
	year = {1997},
	address = {New York}
}

@article{menictas13,
	author = {M. Menictas and M. P. Wand},
	title = {Variational inference for marginal longitudinal semiparametric regression},
	journal = {Stat},
	pages = {61--71},
	volume = {2},
	year = {2013}
}

@article{menictas20,
	author = {M. Menictas and T. H. Nolan and D. G. Simpson and M. P. Wand},
	title = {Streamlined variational inference for higher level group-specific curve models},
	journal = {Statistical Modelling},
	pages = {pending},
	volume = {pending},
	year = {2020}
}

@techreport{minka05,
	author = {T. Minka},
	title = {Divergence measures and message passing},
	institution = {Microsoft Research Ltd.},
	year = {2005},
	address = {Cambridge, UK}
}

@incollection{monahan92,
	author = {J. F. Monahan and L. A. Stefanski},
	title = {Normal scale mixture approximations to ${F}^* (z)$ and computation of the logistic-normal integral},
	booktitle = {{Handbook of the Logistic Distribution}},
	publisher = {CRC Press},
	year = {1992},
	pages = {529--540}
}

@article{ning21,
	author = {B. Ning},
	title = {Spike and slab {B}ayesian sparse principal component analysis},
	journal = {arXiv e-prints},
	year = {2021},
	eid = {arXiv:2102.00305},
	pages = {arXiv:2102.00305},
	archivePrefix = {arXiv},
	eprint = {2102.00305},
	primaryClass = {stat.ME},
	adsurl = {https://arxiv.org/abs/2102.00305}
}

@article{nolan17,
	author = {T. H. Nolan and M. P. Wand},
	title = {Accurate logistic variational message passing: {A}lgebraic and numerical details},
	journal = {Stat},
	pages = {102--112},
	volume = {6},
	year = {2017}
}

@article{nolan19,
	author = {T. H. Nolan and M. P. Wand},
	title = {Streamlined Solutions to Multilevel Sparse Matrix Problems},
	journal = {ANZIAM Journal},
	pages = {18--41},
	volume = {62},
	year = {2020}
}

@article{nolan20,
	author = {T. H. Nolan and M. P. Wand},
	title = {Streamlined Solutions to Multilevel Sparse Matrix Problems},
	journal = {ANZIAM Journal},
	pages = {18--41},
	volume = {62},
	year = {2020}
}

@article{nolan21,
	author = {T. H. Nolan and J. Goldsmith and D. Ruppert},
	title = {Bayesian functional principal components analysis via variational message passing},
	journal = {arXiv e-prints},
	year = {2021},
	eid = {arXiv:2104.00645},
	pages = {arXiv:2104.00645},
	archivePrefix = {arXiv},
	eprint = {2104.00645},
	primaryClass = {stat.ME},
	adsurl = {https://arxiv.org/abs/2104.00645}
}

@article{nolanmw19,
	author = {T. H. Nolan and M. Menictas and M. P. Wand},
	title = {Streamlined computing for variational inference with higher level random effects},
	journal = {arXiv e-prints},
	year = {2019},
	eid = {arXiv:1903.06616},
	pages = {arXiv:1903.06616},
	archivePrefix = {arXiv},
	eprint = {1903.06616},
	primaryClass = {stat.CO},
	adsurl = {https://ui.adsabs.harvard.edu/abs/2019arXiv190306616N}
}

@phdthesis{nolanphd20,
	author = {T. H. Nolan},
	title = {Variational {}Bayesian inference: message passing schemes and streamlined multilevel data analysis},
	school = {University of Technology Sydney},
	year = {2020}
}

@article{nolanmw20,
	author = {T. H. Nolan and M. Menictas and M. P. Wand},
	title = {Streamlined computing for variational inference with higher level random effects},
	journal = {Journal of Machine Learning Research},
	pages = {1--62},
	volume = {21},
	year = {2020},
}

@article{ormerod10,
	author = {J. T. Ormerod and M. P. Wand},
	title = {Explaining variational approximations},
	journal = {The {American} Statistician},
	pages = {140--153},
	volume = {64},
	year = {2010}
}

@article{ormerod12,
	author = {J. T. Ormerod and M. P. Wand},
	title = {Gaussian variational approximate inference for generalized linear mixed models},
	journal = {Journal of Computational and Graphical Statistics},
	pages = {2--17},
	volume = {21},
	year = {2012}
}

@article{osullivan86,
	author = {F. O'Sullivan},
	title = {A statistical perspective on ill-posed inverse problems},
	journal = {Statistical Science},
	pages = {502--527},
	volume = {1},
	year = {1986}
}

@book{parisi88,
	author = {G. Parisi},
	title = {{Statistical Field Theory}},
	publisher = {Addison-Wesley},
	year = {1988},
	address = {Redwood City, CA}
}

@book{pinheiro00,
	author = {J.C. Pinheiro and D. M. Bates},
	title = {{Mixed-Effects Models in S and S-PLUS}},
	publisher = {Springer},
	year = {2000},
	address = {New York}
}

@manual{r20,
	title = {\textsf{R}: A Language and Environment for Statistical Computing},
	author = {{\textsf{R} Core Team}},
	organization = {\textsf{R} Foundation for Statistical Computing},
	address = {Vienna, Austria},
	year = {2020},
	url = {https://www.R-project.org/},
}

@article{ramsay91,
	author = {J. O. Ramsay and C. J. Dalzell},
	title = {Some tools for functional data analysis},
	journal = {Journal of the Royal Statistical Society: Series B (Methodological)},
	pages = {539--561},
	volume = {53},
	year = {1991}
}

@book{ramsay05,
	author = {J. O. Ramsay and B. W. Silverman},
	title = {{Functional Data Analysis}},
	publisher = {Springer},
	year = {2005},
	address = {New York}
}

@article{richardson02,
	author = {S. Richardson and L. Leblond and I. Jaussent and P. J. Green},
	title = {Mixture models in measurement error problems, with reference to Epidemiological Studies},
	journal = {Journal of Royal Statistical Society: Series A (Statistics in Society)},
	pages = {549--566},
	volume = {165},
	year = {2002}
}

@misc{rnoaa21,
	title = {{'NOAA'} Weather Data from {\textsf{R}}},
	author = {
		S. Chamberlain and B. Anderson and M. Salmon and A. Erickson and N. Potter and
		J. Stachelek and A. Simmons and K. Ram and H. Edmund and rOpenSci
	},
	note = {\textsf{R} package version 1.3.0},
	year = {2021},
	url = {https://docs.ropensci.org/rnoaa/},
}

@article{rohde16,
	author = {D. Rohde and M. P. Wand},
	title = {Semiparametric mean field variational {B}ayes: {G}eneral principles and numerical issues},
	journal = {Journal of Machine Learning Research},
	pages = {1--47},
	volume = {17},
	year = {2016}
}

@misc{rstan20,
	title = {\textsf{RStan}: the \textsf{R} interface to \textsf{Stan}},
	author = {{Stan Development Team}},
	note = {\textsf{R} package version 2.21.2},
	year = {2020},
	url = {http://mc-stan.org/},
}

@book{ruppert03,
	author = {D. Ruppert and M. P. Wand and R. J. Carroll},
	title = {{Semiparametric Regression}},
	publisher = {Cambridge University Press},
	year = {2003}
}

@article{ruppert09,
	author = {D. Ruppert and M. P. Wand and R. J. Carroll},
	title = {Semiparametric regression during 2003--2007},
	journal = {Electronic Journal of Statistics},
	pages = {1193--1256},
	volume = {3},
	year = {2009}
}

@incollection{saul98,
	author = {L. Saul and M. Jordan},
	title = {A mean field learning algorithm for unsupervised neural networks},
	booktitle = {{Learning in Graphical Models}},
	year = {1998},
	pages = {541--554}
}

@article{schwartz16,
	author = {
		J. E. Schwartz and M. M. Burg and D. Shimbo and J. E. Broderick and A. A. Stone and
		J. Ishikawa and R. Sloan and T. Yurgel and S. Grossman and T. G. Pickering
	},
	title = {
		Clinic blood pressure underestimates ambulatory blood pressure in an untreated employer-based
		{US} population: results from the masked hypertension study
	},
	journal = {Circulation},
	pages = {1794--1807},
	volume = {134},
	year = {2016}
}

@article{silverman95,
	author = {B. W. Silverman},
	title = {Incorporating parametric effects into functional principal components analysis},
	journal = {Journal of the Royal Statistical Society: Series B (Methodological)},
	pages = {673--689},
	volume = {57},
	year = {1995}
}

@article{smith08,
	author = {A. D. A. C. Smith and M. P. Wand},
	title = {Streamlined variance calculations for semiparametric mixed models},
	journal = {Statistics in Medicine},
	pages = {435--448},
	volume = {27},
	year = {2008}
}

@article{suarez17,
	author = {A. J. Suarez and S. Ghosal},
	title = {Bayesian estimation of principal components for functional data},
	journal = {Bayesian Analysis},
	pages = {311--333},
	volume = {12},
	year = {2017}
}

@article{tipping99,
	author = {M. E. Tipping and C. M. Bishop},
	title = {Probabilistic principal component analysis},
	journal = {Journal of the Royal Statistical Society, Series B},
	pages = {611--622},
	volume = {3},
	year = {1999}
}

@inproceedings{tipping99b,
	author = {M. E. Tipping},
	title = {Probabilistic visualisation of high-dimensional binary data},
	booktitle = {Advances in Neural Information Processing Systems},
	publisher = {MIT Press},
	year = {1999}
}

@article{vanderlinde08,
	author = {A. {van der Linde}},
	journal = {Computational Statistics and Data Analysis},
	pages = {517--533},
	title = {Variational {B}ayesian functional {PCA}},
	volume = {53},
	year = {2008}
}

@article{wand08,
	author = {M. P. Wand and J. T. Ormerod},
	title = {On semiparametric regression with {O'Sullivan} penalized splines},
	journal = {{Australian} \& {New Zealand} Journal of Statistics},
	pages = {179--198},
	volume = {50},
	year = {2008}
}

@article{wand14,
	author = {M. P. Wand},
	title = {Fully simplified multivariate normal updates in non-conjugate variational message passing},
	journal = {Journal of Machine Learning Research},
	pages = {1351--1369},
	volume = {15},
	year = {2014}
}

@article{wand17,
	author = {M. P. Wand},
	title = {
		Fast approximate inference for arbitrarily large semiparametric
		regression models via message passing (with discussion)
	},
	journal = {Journal of the {American} Statistical Association},
	pages = {137--168},
	volume = {112},
	year = {2017}
}

@inproceedings{wang05,
	author = {B. Wang and D. M. Titterington},
	title = {Inadequacy of interval estimates corresponding to variational {Bayesian} approximations},
	booktitle = {Proceedings of the 10th International Workshop on Artificial Intelligence and Statistics},
	year = {2005}
}

@article{wang16,
	author = {J. L. Wang and J. M. Chiou and H. G. M\"{u}ller},
	title = {Functional data analysis},
	journal = {Annual Review of Statistics and Its Applications},
	pages = {257--295},
	volume = {3},
	year = {2016}
}

@article{wang19,
	author = {Y. Wang and D. M. Blei},
	title = {Frequentist consistency of variational {B}ayes},
	journal = {Journal of the American Statistical Association},
	pages = {1147--1161},
	volume = {114},
	year = {2019}
}

@article{winn05,
	author = {J. Winn and C. M. Bishop},
	title = {Variational message passing},
	journal = {Journal of Machine Learning Research},
	pages = {661--694},
	volume = {6},
	year = {2005}
}

@book{wood06,
	author = {S. N. Wood},
	title = {Generalized additive models: {An} introduction with R},
	publisher = {CRC Press},
	year = {2006}
}

@article{xiao16,
  title={Fast covariance estimation for high-dimensional functional data},
  author={Xiao, Luo and Zipunnikov, Vadim and Ruppert, David and Crainiceanu, Ciprian},
  journal={Statistics and computing},
  volume={26},
  number={1-2},
  pages={409--421},
  year={2016},
  publisher={Springer}
}

@article{yao05,
	author = {F. Yao and H. G. M\"{u}ller and J. L. Wang},
	title = {Functional data analysis for sparse longitudinal data},
	journal = {Journal of the {American} Statistical Association},
	pages = {577--590},
	volume = {100},
	year = {2005}
}

@article{yaomw05,
	author = {F. Yao and H. G. M\"{u}ller and J. L. Wang},
	title = {Functional linear regression analysis for longitudinal data},
	journal = {The Annals of Statistics},
	pages = {2873--2903},
	volume = {33},
	year = {2005}
}

@article{zou06,
	author = {H. Zou and T. Hastie and R. Tobshirani},
	title = {Sparse principal component analysis},
	journal = {Journal of Computational and Graphical Statistics},
	pages = {265--286},
	volume = {15},
	year = {2006}
}













